<?xml version="1.0" encoding="UTF-8"?>
<record xmlns="http://www.loc.gov/MARC21/slim">
   <leader>01997nam a22004577a 4500</leader>
   <controlfield tag="001">000031359645</controlfield>
   <controlfield tag="003">CaOOAMICUS</controlfield>
   <controlfield tag="005">20051108150911.0</controlfield>
   <controlfield tag="008">050620s2004    abc          s100 0 eng  </controlfield>
   <datafield tag="016" ind1=" " ind2=" ">
      <subfield code="a">20058041567 </subfield>
   </datafield>
   <datafield tag="020" ind1=" " ind2=" ">
      <subfield code="a">1896956815</subfield>
   </datafield>
   <datafield tag="040" ind1=" " ind2=" ">
      <subfield code="a">CaOONL</subfield>
      <subfield code="b">eng</subfield>
      <subfield code="c">CaOONL</subfield>
   </datafield>
   <datafield tag="082" ind1="1" ind2=" ">
      <subfield code="a">616/.0028</subfield>
      <subfield code="2">22</subfield>
   </datafield>
   <datafield tag="111" ind1="2" ind2=" ">
      <subfield code="a">Knowledge-Brokers, Linking Researchers and Policy Makers</subfield>
      <subfield code="d">(2003 :</subfield>
      <subfield code="c">Canmore, Alta.)</subfield>
   </datafield>
   <datafield tag="240" ind1="0" ind2="0">
      <subfield code="a">Knowledge-Brokers, Linking Researchers and Policy Makers : workshop summary // [prepared by Shannon Scott Findlay].</subfield>
   </datafield>
   <datafield tag="245" ind1="1" ind2="0">
      <subfield code="a">Knowledge-Brokers, Linking Researchers and Policy Makers : workshop summary 2004</subfield>
      <subfield code="c">[prepared by Shannon Scott Findlay].</subfield>
   </datafield>
   <datafield tag="260" ind1=" " ind2=" ">
      <subfield code="a">Edmonton :</subfield>
      <subfield code="b">Alberta Heritage Foundation for Medical Research,</subfield>
      <subfield code="c">2004.</subfield>
   </datafield>
   <datafield tag="300" ind1=" " ind2=" ">
      <subfield code="a">ii, 18 p. ;</subfield>
      <subfield code="c">28 cm.</subfield>
   </datafield>
   <datafield tag="440" ind1=" " ind2="0">
      <subfield code="a">HTA initiative,</subfield>
      <subfield code="x">1706-7855 ;</subfield>
      <subfield code="v">#14</subfield>
   </datafield>
   <datafield tag="500" ind1=" " ind2=" ">
      <subfield code="a">"March 2004".</subfield>
   </datafield>
   <datafield tag="500" ind1=" " ind2=" ">
      <subfield code="a">"rtna, Health Research Transfer Network of Alberta".</subfield>
   </datafield>
   <datafield tag="500" ind1=" " ind2=" ">
      <subfield code="a">Chair: Christa harstall--P. 4.</subfield>
   </datafield>
   <datafield tag="530" ind1=" " ind2=" ">
      <subfield code="a">Available also on the Internet.</subfield>
   </datafield>
   <datafield tag="550" ind1=" " ind2=" ">
      <subfield code="a">Issued by: Health Technology Assessment.</subfield>
   </datafield>
   <datafield tag="700" ind1="1" ind2=" ">
      <subfield code="a">Harstall, Christa,</subfield>
      <subfield code="d">1949-</subfield>
   </datafield>
   <datafield tag="700" ind1="1" ind2=" ">
      <subfield code="a">Scott-Findlay, Shannon,</subfield>
      <subfield code="d">1971-</subfield>
   </datafield>
   <datafield tag="710" ind1="2" ind2=" ">
      <subfield code="a">Alberta Heritage Foundation for Medical Research.</subfield>
   </datafield>
   <datafield tag="710" ind1="2" ind2=" ">
      <subfield code="a">Alberta Heritage Foundation for Medical Research.</subfield>
      <subfield code="b">Health Technology Assessment Unit.</subfield>
   </datafield>
   <datafield tag="852" ind1=" " ind2=" ">
      <subfield code="9">1</subfield>
      <subfield code="a">CaACUM</subfield>
      <subfield code="h">W20.5 .K57 2004</subfield>
      <subfield code="z">ILL: yes</subfield>
   </datafield>
   <datafield tag="852" ind1=" " ind2=" ">
      <subfield code="9">2</subfield>
      <subfield code="a">CaAEE</subfield>
      <subfield code="h">R 850 A2 K59 2004</subfield>
      <subfield code="z">ILL: yes</subfield>
   </datafield>
   <datafield tag="852" ind1=" " ind2=" ">
      <subfield code="9">3</subfield>
      <subfield code="a">CaOONL</subfield>
      <subfield code="h">COP.AL.2.2005-130</subfield>
      <subfield code="z">ILL: no</subfield>
   </datafield>
   <datafield tag="852" ind1=" " ind2=" ">
      <subfield code="9">4</subfield>
      <subfield code="a">CaSRU</subfield>
      <subfield code="h">microlog; http://www.ahfmr.ab.ca; http://www.ahfmr.ab.ca/frames3.html</subfield>
      <subfield code="z">ILL: yes</subfield>
   </datafield>
   <datafield tag="900" ind1="1" ind2=" ">
      <subfield code="a">Harstall, Christa Maria,</subfield>
      <subfield code="d">1949-</subfield>
   </datafield>
   <datafield tag="900" ind1="1" ind2=" ">
      <subfield code="a">Findlay, Shannon Scott-,</subfield>
      <subfield code="d">1971-</subfield>
   </datafield>
   <datafield tag="910" ind1="1" ind2=" ">
      <subfield code="a">Alberta.</subfield>
      <subfield code="b">Alberta Treasury.</subfield>
      <subfield code="b">Heritage Foundation for Medical Research.</subfield>
   </datafield>
   <datafield tag="910" ind1="1" ind2=" ">
      <subfield code="a">Alberta.</subfield>
      <subfield code="b">Heritage Foundation for Medical Research.</subfield>
   </datafield>
   <datafield tag="910" ind1="1" ind2=" ">
      <subfield code="a">Alberta.</subfield>
      <subfield code="b">Ministry of Science, Research and Information Technology.</subfield>
      <subfield code="b">Heritage Foundation for Medical Research.</subfield>
   </datafield>
   <datafield tag="990" ind1="1" ind2="0">
      <subfield code="a">91001abb</subfield>
      <subfield code="b">71001a</subfield>
   </datafield>
   <datafield tag="990" ind1="1" ind2="0">
      <subfield code="a">91002ab</subfield>
      <subfield code="b">71001a</subfield>
   </datafield>
   <datafield tag="990" ind1="1" ind2="0">
      <subfield code="a">91003abb</subfield>
      <subfield code="b">71001a</subfield>
   </datafield>
   <datafield tag="990" ind1="1" ind2="0">
      <subfield code="a">90001ad</subfield>
      <subfield code="b">70001ad</subfield>
   </datafield>
   <datafield tag="990" ind1="1" ind2="0">
      <subfield code="a">90002ad</subfield>
      <subfield code="b">70002ad</subfield>
   </datafield>
</record>
